<?xml version="1.0" encoding="UTF-8"?><collection xmlns="http://www.loc.gov/MARC21/slim"><record><leader>00423nam--2200133-i-4500</leader><controlfield tag="001">000042215</controlfield><controlfield tag="002">20161230</controlfield><controlfield tag="005">20161230201043</controlfield><controlfield tag="008">060222s1000------------r-----000-0-eng-d</controlfield><datafield ind1=" " ind2=" " tag="080"><subfield code="a">541.64</subfield></datafield><datafield ind1=" " ind2=" " tag="245"><subfield code="a">Solution properties of natural polymers. an int.symp.,held at edinburg on 25th-28th july 1967. org.by the chemical soc</subfield></datafield><datafield ind1=" " ind2=" " tag="260"><subfield code="a">London, The Chemical Society, 1968. Viii + 333 P</subfield></datafield><datafield ind1=" " ind2=" " tag="490"><subfield code="a">Special Publ</subfield></datafield><datafield ind1=" " ind2=" " tag="852"><subfield code="a">14038</subfield></datafield></record></collection>